<?xml version="1.0" encoding="UTF-8"?><record xmlns="http://www.loc.gov/MARC21/slim" xmlns:cinclude="http://apache.org/cocoon/include/1.0" xmlns:zs="http://www.loc.gov/zing/srw/">
  <leader>00736cz  a2200157n  4500</leader>
  <controlfield tag="001">no2003024193</controlfield>
  <controlfield tag="003">DLC</controlfield>
  <controlfield tag="005">20130322092623.0</controlfield>
  <controlfield tag="008">030313n| azannaabn          |b ana     c</controlfield>
  <datafield tag="010" ind1=" " ind2=" ">
    <subfield code="a">no2003024193</subfield>
  </datafield>
  <datafield tag="035" ind1=" " ind2=" ">
    <subfield code="a">(OCoLC)oca05995995</subfield>
  </datafield>
  <datafield tag="040" ind1=" " ind2=" ">
    <subfield code="a">MiU</subfield>
    <subfield code="b">eng</subfield>
    <subfield code="e">rda</subfield>
    <subfield code="c">MiU</subfield>
    <subfield code="d">DLC</subfield>
  </datafield>
  <datafield tag="110" ind1="2" ind2=" ">
    <subfield code="a">Centre for Addiction and Mental Health.</subfield>
    <subfield code="b">Communications, Education and Community Health Department</subfield>
  </datafield>
  <datafield tag="410" ind1="2" ind2=" ">
    <subfield code="w">nnea</subfield>
    <subfield code="a">Centre for Addiction and Mental Health.</subfield>
    <subfield code="b">Communications, Education and Community Health Dept.</subfield>
  </datafield>
  <datafield tag="510" ind1="2" ind2=" ">
    <subfield code="w">r</subfield>
    <subfield code="i">Hierarchical superior:</subfield>
    <subfield code="a">Centre for Addiction and Mental Health</subfield>
  </datafield>
  <datafield tag="670" ind1=" " ind2=" ">
    <subfield code="a">CrossCurrents (Toronto, Ont.), winter 2002:</subfield>
    <subfield code="b">masthead (Communications, Education and Community Health Department, Centre for Addiction and Mental Health)</subfield>
  </datafield>
</record>